% This file was created with JabRef 2.9.2.
% Encoding: UTF8

@MISC{javascript,
  author = {Wikipedia},
  title = {Javascript},
  year = {1996},
  owner = {guoyu},
  timestamp = {2013.11.29},
  url = {http://en.wikipedia.org/wiki/JavaScript}
}

